<record><leader>00000cas a22000007a 4500</leader><controlfield tag="001">10258981</controlfield><controlfield tag="008">840103d198319uuctuwr ne      0   a0eng d</controlfield><datafield ind1=" " ind2=" " tag="010"><subfield code="a">sn 84007812 </subfield></datafield><datafield ind1=" " ind2=" " tag="040"><subfield code="a">NSD</subfield><subfield code="b">eng</subfield><subfield code="c">NSD</subfield><subfield code="d">CNW</subfield><subfield code="d">OCLCQ</subfield></datafield><datafield ind1=" " ind2=" " tag="012"><subfield code="m">1</subfield></datafield><datafield ind1=" " ind2=" " tag="022"><subfield code="a">0746-7605</subfield></datafield><datafield ind1=" " ind2=" " tag="032"><subfield code="a">709710</subfield><subfield code="b">USPS</subfield></datafield><datafield ind1=" " ind2=" " tag="043"><subfield code="a">n-us-ct</subfield></datafield><datafield ind1="0" ind2=" " tag="130"><subfield code="a">Advertiser (New Milford, Conn.)</subfield></datafield><datafield ind1=" " ind2="0" tag="222"><subfield code="a">Advertiser</subfield><subfield code="b">(New Milford, Conn.)</subfield></datafield><datafield ind1="1" ind2="0" tag="245"><subfield code="a">Advertiser.</subfield></datafield><datafield ind1=" " ind2=" " tag="260"><subfield code="a">New Milford, CT :</subfield><subfield code="b">Housatonic Valley Pub. Co.</subfield></datafield><datafield ind1=" " ind2=" " tag="310"><subfield code="a">Weekly</subfield></datafield><datafield ind1="1" ind2=" " tag="362"><subfield code="a">Began in 1983.</subfield></datafield><datafield ind1=" " ind2=" " tag="588"><subfield code="a">Description based on: Vol. 20, no. 18 (May 2, 1983).</subfield></datafield><datafield ind1=" " ind2="0" tag="651"><subfield code="a">New Milford (Conn.)</subfield><subfield code="v">Newspapers.</subfield></datafield><datafield ind1=" " ind2=" " tag="752"><subfield code="a">United States</subfield><subfield code="b">Connecticut</subfield><subfield code="c">Litchfield</subfield><subfield code="d">New Milford.</subfield></datafield><datafield ind1="0" ind2="0" tag="780"><subfield code="t">New Milford times advertiser</subfield><subfield code="w">(DLC)sn 94053082</subfield><subfield code="w">(OCoLC)30560869</subfield></datafield><datafield ind1="0" ind2="0" tag="785"><subfield code="t">Housatonic Valley advertiser</subfield><subfield code="w">(DLC)sn 94053083</subfield><subfield code="w">(OCoLC)30563626</subfield></datafield></record>